<record><leader>00000cas a2200000 a 4500</leader><controlfield tag="001">35686854</controlfield><controlfield tag="008">961004c19uu9999cauwr ne      0    0ara c</controlfield><datafield ind1=" " ind2=" " tag="010"><subfield code="a">sn 96017975 </subfield></datafield><datafield ind1=" " ind2=" " tag="040"><subfield code="a">CLU</subfield><subfield code="b">eng</subfield><subfield code="c">CLU</subfield><subfield code="d">DLC</subfield><subfield code="d">CLU</subfield><subfield code="d">OCLCQ</subfield></datafield><datafield ind1=" " ind2=" " tag="042"><subfield code="a">pcc</subfield></datafield><datafield ind1="1" ind2="4" tag="050"><subfield code="a">AP95.A6</subfield><subfield code="b">W38</subfield></datafield><datafield ind1="0" ind2=" " tag="130"><subfield code="a">Wat&#803;an (Mission Viejo, Calif.)</subfield></datafield><datafield ind1="1" ind2="3" tag="245"><subfield code="a">al-Wat&#803;an =</subfield><subfield code="b">al Watan.</subfield></datafield><datafield ind1=" " ind2=" " tag="260"><subfield code="a">Mission Viejo, CA :</subfield><subfield code="b">al-Wat&#803;an</subfield></datafield><datafield ind1=" " ind2=" " tag="300"><subfield code="a">v. :</subfield><subfield code="b">ill. ;</subfield><subfield code="c">33 cm.</subfield></datafield><datafield ind1=" " ind2=" " tag="310"><subfield code="a">Weekly</subfield></datafield><datafield ind1=" " ind2=" " tag="500"><subfield code="a">Published in: Anaheim, CA, &lt;July 1, 1994-&gt;</subfield></datafield><datafield ind1=" " ind2=" " tag="515"><subfield code="a">Some issues lack vol. numbering.</subfield></datafield><datafield ind1=" " ind2=" " tag="530"><subfield code="a">Also issued online.</subfield></datafield><datafield ind1=" " ind2=" " tag="588"><subfield code="a">Description based on: al-&#699;Adad 2. (5 Ayya&#772;r 1990); title from caption.</subfield></datafield><datafield ind1=" " ind2=" " tag="588"><subfield code="a">Latest issue consulted: Al'&#699;Adad 460 (12 A&#772;dha&#772;r 2004).</subfield></datafield><datafield ind1=" " ind2=" " tag="752"><subfield code="a">United States</subfield><subfield code="b">California</subfield><subfield code="c">Orange County</subfield><subfield code="d">Mission Viejo.</subfield></datafield><datafield ind1=" " ind2=" " tag="752"><subfield code="a">United States</subfield><subfield code="b">California</subfield><subfield code="c">Orange County</subfield><subfield code="d">Anaheim.</subfield></datafield><datafield ind1="4" ind2="1" tag="856"><subfield code="u">http://bibpurl.oclc.org/web/11524</subfield><subfield code="u">http://www.watan.com/</subfield></datafield><datafield ind1="1" ind2=" " tag="029"><subfield code="a">AU@</subfield><subfield code="b">000025892639</subfield></datafield></record>